@book{dirksen2013learning,
  title={Learning Three. js: the JavaScript 3D library for WebGL},
  author={Dirksen, Jos},
  year={2013},
  publisher={Packt Publishing Ltd}
}